4132 5173
1056 333 1181 422 De
1230 324 1707 448 primordiis
1766 331 2147 423 Chemiae.
2634 397 2639 401 -
2757 368 2852 429 21

330 556 337 561 ·
432 550 504 606 et
582 486 1159 621 GESNERUSffi
1208 532 1303 627 n).
1444 528 1673 630 Qod
1734 527 1830 607 de
1897 526 2327 633 lampadibus
2407 475 2893 637 “numaga-vl?

415 623 626 707 ilibus
670 651 1056 723 narratur,
1109 628 1163 705 si
1223 628 1381 707 non
1436 630 1705 707 fabulis
1750 630 2399 709 adnumerandum
2427 685 2450 726 ,
2497 634 2677 711 teste
2712 660 2866 712 ara-

371 727 549 805 bico
601 727 948 822 austere,
1008 729 1154 807 filis
1207 731 1572 808 amianthi
1624 731 1706 809 ἃ
1769 732 2030 809 rivulis
2097 733 2531 829 bituminis,
2593 737 2869 838 quibus
2947 768 2988 805 ᾳ

371 828 491 906 hae
537 833 892 934 regiones
949 829 1375 923 abundant,
1429 829 1839 933 praestitum
1895 831 2217 913 videtur.

479 930 773 1005 Locum
839 930 1122 1007 indicat
1157 930 1759 1017 DIODORUS‚
1798 936 2098 1035 magnis
2136 932 2650 1011 abundantem
2681 938 2872 1033 auri·

352 1029 657 1130 fodinis,
691 1030 819 1107 ubi
861 1030 1149 1129 aliquot
1181 1031 1568 1132 myriades
1599 1034 2028 1126 hominum,
2061 1036 2558 1134 compedibus
2581 1036 2871 1132 juncto·

372 1155 539 1206 rum
574 1130 1038 1223 laborarunt,
1068 1133 1141 1205 in
1164 1132 1565 1208 Thebaide
1585 1155 1776 1209 vero
1805 1135 2128 1211 aurarias
2165 1138 2605 1235 aerariasque
2630 1136 2873 1214 officia

375 1255 507 1306 nas
547 1228 804 1307 laudat
851 1235 939 1326 ο).
996 1233 1289 1308 Notatu
1318 1256 1687 1332 perquam
1724 1233 1961 1336 digna
1998 1233 2101 1309 est
2134 1233 2543 1335 descriptio
2585 1235 2665 1315 ὅτ,
2694 1262 2873 1339 ope·

375 1334 778 1422 rationum,
823 1330 905 1407 &
957 1333 1269 1431 minerae
1323 1339 1398 1407 in
1440 1331 1811 1409 confiniis
1844 1334 2145 1411 Arabiae
2174 1391 2195 1424 ,
2248 1359 2472 1436 quam
2522 1342 2870 1415 remotis·

373 1430 573 1508 fimis
628 1433 1105 1532 ‘temporibus
1156 1456 1199 1508 a
1249 1431 1560 1536 regibus
1608 1432 2002 1511 inventam
2059 1433 2265 1510 dicit.
2349 1436 2462 1513 Ni
2523 1463 2686 1513 rum
2752 1437 2872 1513 so·

370 1531 529 1609 lum
582 1530 785 1608 albas
833 1530 1095 1609 habuit
1148 1534 1551 1617 marmoris
1607 1555 1877 1611 venas:
1909 1536 2204 1611 minera
2244 1558 2431 1611 uren
2492 1563 2541 1612 o
2585 1534 2874 1642 fragilis

376 1629 674 1723 reddita
724 1629 956 1709 effrin
1022 1633 1325 1726 ebatur,
1373 1635 1450 1709 in
1511 1636 1809 1712 minora
1854 1629 2163 1711 frustula
2211 1636 2731 1734 dividebatur,
2791 1643 2876 1717 in

375 1731 605 1813 molis
646 1734 964 1834 pulvera
1024 1755 1226 1828 atur,
1276 1736 1356 1809 in
1426 1735 1660 1835 plano
1726 1734 2091 1812 inclinato
2160 1735 2452 1816 lotione
2526 1737 2874 1818 terrestre

374 1832 895 1935 separabatur,
945 1834 1255 1911 tandem
1309 1834 1682 1912 residuum
1741 1836 2009 1912 additis
2059 1836 2396 1939 plumbi,
2433 1837 2638 1931 salis,
2685 1839 2874 1917 stan·
2931 1905 2938 1909 .

373 1937 454 2011 ni
511 1931 592 2010 &
651 1932 963 2011 furfuris
1015 1933 1537 2013 determinatis
1590 1935 1936 2029 dofibuS‚
1999 1938 2076 2015 in
2152 1939 2556 2017 crucibulis
2617 1941 2875 2017 occlu-

373 2035 462 2113 fis
509 2057 647 2135 per
702 2034 1240 2136 5·nystemera
1305 2037 1470 2138 igni
1537 2060 1631 2135 ex
1691 2035 2010 2129 ostrum,
2084 2037 2466 2140 obryzum
2547 2041 2877 2141 praebuit

372 2159 634 2213 aurum
687 2132 841 2211 fine
895 2137 1059 2213 ullis
1113 2133 1396 2212 scoriis.
1501 2062 1873 2213 Videmus
1929 2139 2157 2238 igitur
2209 2138 2381 2216 heic
2442 2142 2646 2219 varia
2681 2143 2875 2219 ¹arti--

372 2234 644 2327 tificia,
696 2259 864 2335 quae
918 2238 1336 2313 etiamnum
1385 2237 1465 2312 in
1524 2234 1927 2313 subsidium
1982 2262 2378 2321 vocantur.

574 2332 895 2413 Anubin
948 2339 1027 2413 in
1078 2337 1436 2454 argenteis
1470 2338 1647 2434 vasis
1684 2342 2079 2438 pinxerunt
2106 2395 2125 2426 ‚
2176 2366 2337 2417 non
2373 2340 2726 2418 caelarunt
2751 2339 2826 2442 p)
2850 2398 2876 2434 ‚

369 2437 451 2515 ἃ,
511 2436 915 2513 memoriae*
959 2434 1219 2538 prodit
1277 2436 1978 2516 HELlODORUS
2029 2439 2686 2520 CHARICLEAE
2758 2440 2874 2541 (fi-

244 2605 264 2614 -
366 2539 485 2616 liae
533 2537 929 2640 prophetae
978 2536 1384 2643 AEgyptii)
1437 2539 1531 2614 ad
1578 2540 1839 2639 pestus
1912 2538 2128 2617 fuiss‘e
2172 2542 2539 2642 serpentes
2587 2566 2876 2639 eureos,
2973 2580 2986 2588 -

365 2637 585 2718 colore
641 2636 960 2715 caeruleos
987 2689 1010 2729 ,
1057 2662 1314 2715 aurum
1370 2641 1577 2713 enim
1629 2661 1786 2715 arte
1844 2640 2421 2738 denigrabatur‚
2467 2663 2548 2721 ut
2597 2641 2876 2746 asperi·

260 2809 279 2816 -
370 2760 601 2817 tatem
652 2737 734 2819 &
787 2740 1235 2816 varietatem
1281 2736 1610 2837 sqvamae
1662 2741 1970 2841 nigrum
2021 2740 2239 2818 fulvo
2303 2744 2678 2837 mixtum,
2752 2766 2878 2820 ex·

368 2838 668 2917 hiberet
725 2843 864 2944 q),
938 2837 1144 2915 unde
1209 2859 1467 2942 patere
1521 2837 1823 2918 videtur
1874 2841 2388 2921 Encausticen.
2421 2843 2878 2921 metallicam

368 2940 461 3016 iis
514 2941 992 3041 temporibus
1072 2963 1235 3016 non
1308 2937 1523 3016 fuiss‘e
1599 2941 1972 3045 ignotam.
2089 2945 2399 3022 Vixtum
2473 2944 2877 3049 nigerrimi

366 3037 651 3116 coloris
671 3091 708 3133 ‚x
742 3039 1150 3141 aliquando
1200 3040 1283 3118 &
1328 3039 1807 3142 translucidi,
1853 3039 2271 3139 obfidianum
2316 3042 2600 3122 distum
2642 3043 2738 3121 ad
2796 3044 2881 3122 fi-

220 3169 226 3176 ·
367 3138 880 3217 militudinem
936 3141 1142 3238 ejus,
1193 3141 1402 3242 quod
1458 3142 1751 3218 invenit
1802 3142 2283 3222 OBSIDIUS
2322 3145 2400 3221 in
2446 3144 2876 3246 AEthiopia,

369 3237 877 3320 confecerunt
923 3243 1015 3341 r).
1118 3240 1414 3319 Calices
1475 3245 1660 3319 auro
1733 3243 2154 3321 nobiliores
2186 3297 2207 3336 ,
2276 3243 2409 3321 infi
2476 3267 2572 3320 ne
2645 3245 2875 3324 artifi-

366 3341 569 3420 cium
624 3338 1155 3439 hyalurgicum
1202 3341 1597 3444 produnt,
1664 3343 1759 3420 de
1812 3342 2080 3444 quibus
2123 3345 2385 3421 ADRl
2470 3346 2690 3423 NUS
2725 3345 2876 3424 Im·

475 3460 720 3532 rator3
754 3441 1240 3519 Alexandriae
1285 3441 1613 3547 degum,
1646 3445 1744 3521 ita
1797 3444 2055 3521 scribit
2105 3445 2666 3525 SERVIANO
2694 3471 2879 3524 con·

368 3463 508 3622 {dli
540 3594 564 3638 ,
617 3540 869 3622 calices
938 3539 1082 3618 tibi
1153 3540 1563 3645 Allaſjbntes
1638 3544 2132 3626 versicolores
2200 3544 2614 3642 transmifi,
2683 3569 2879 3647 quos

1517 3641 1589 3742 C
1649 3668 1686 3743 3
2138 3701 2143 3709 ·
2733 3653 2872 3722 mi·

536 3893 633 3970 p)
661 3889 894 3954 Primus
937 3892 1000 3956 L.
1043 3911 1274 3956 xxxin:
1308 3899 1369 3960 9.
1710 3895 1780 3979 q>
1834 3893 1994 3958 AEth.
2029 3895 2099 3961 L.
2132 3913 2218 3961 m.

542 3973 614 4052 r)
649 3973 889 4039 vimmo
920 3993 1146 4042 xxxvxz
1183 3978 1295 4043 26·
