4132 5173
1243 359 1349 423 20
1836 381 1849 391 -
1984 326 2106 419 De
2159 304 2636 443 primordiis
2700 326 3080 447 Chemiae.

1228 500 1581 606 nari-'ante
1612 494 1989 603 PLINIO
2015 527 2154 628 g),
2213 498 2504 603 fuscum
2558 523 3169 629 lapidiosumque
3223 525 3405 619 fuit,
3459 514 3740 607 fastum

1232 628 1513 708 eodem
1570 651 1768 728 pene
1831 626 2068 717 modo
2137 651 2290 726 quo
2374 625 2515 717 sal,
2557 627 2708 705 nifi
2761 630 2967 726 quod
3021 630 3290 703 Salinis
3346 650 3596 720 mare,
3634 632 3746 703 ni-

1130 760 1185 787 κ·
1226 731 1483 806 trariis
1558 751 1807 804 autem
1881 727 2153 803 Nilum
2231 727 2698 803 infuderint:
2769 727 3190 806 excedente
3264 729 3458 803 Nilo
3528 728 3747 806 {icca-

1120 860 1123 867 Γ
1225 830 1539 914 bantur,
1591 827 2017 903 decedente
2073 824 2483 905 madebant
2536 825 2762 904 succo
2819 830 3001 903 nitri
3054 855 3159 921 ⁴0
3181 826 3494 904 -diebus
3560 854 3751 905 con·

1225 933 1498 1010 tinuis:
1551 927 1603 1004 fi
1657 925 2379 1004 imbres-adfuerint
2411 980 2434 1021 ,
2492 930 2741 1004 minus
2792 926 2888 1005 de
2943 928 3266 1003 flumine
3312 928 3788 1023 addebant,‘
3825 972 3852 981 —

1224 1030 1624 1128 statimque
1674 1051 1753 1104 ut
1809 1025 2111 1103 densari
2165 1028 2269 1103 est
2324 1048 2681 1128 coeptum
2713 1084 2737 1114 ‚
2817 1030 3295 1128 rapiebatur,
3364 1053 3461 1106 ne
3515 1024 3782 1107 ‘result

1224 1151 1544 1209 veretur·
1583 1132 1662 1205 in
1716 1130 2088 1203 nitrariis:
2154 1125 2248 1203 fic
2301 1150 2604 1226 quoque
2656 1128 2809 1204 olei
2870 1149 3134 1204 natura
3184 1129 3628 1223 intervenit,
3652 1127 3749 1207 ad

1224 1231 1549 1310 scabiem
1631 1229 2360 1304 animaliumutilis:
2409 1226 2652 1328 ipsum
2709 1228 3109 1307 conditum
3148 1229 3226 1302 in
3284 1222 3579 1307 a'cervis
3610 1230 3748 1305 du-

1220 1354 1377 1410 rat:
1428 1334 1505 1406 in
1570 1331 1775 1407 nitro
1830 1330 2209 1429 optimum
2243 1381 2265 1421 ,
2318 1329 2526 1427 quod
2581 1327 3135 1420 tenuiffimum,
3196 1328 3275 1405 &
3343 1329 3518 1405 ideo
3574 1328 3749 1432 spu-

1221 1459 1350 1512 ma
1412 1432 1682 1519 melior
1720 1488 1741 1521 ‚
1798 1427 1894 1505 ad
1950 1426 2399 1505 inficiendas
2469 1450 2722 1505 tamen
2792 1453 2935 1530 pur
2996 1452 3165 1505 uras
3237 1429 3750 1530 tinE‘turasque

1220 1556 1495 1612 omnes
1544 1529 1942 1609 sordidum
2001 1528 2220 1605 utile:
2287 1529 2883 1631 Memphiticum
2940 1455 3272 1605 geterius
3321 1529 3746 1631 lapidescit,
3821 1562 3832 1567 ·

1219 1635 1424 1712 unde
1481 1633 1694 1709 multi
1746 1630 2013 1707 tumuli
2046 1628 2315 1723 Taxei,
2392 1654 2487 1707 ex
2558 1632 2827 1729 quibus
2909 1630 3081 1707 vasa
3149 1629 3537 1728 fecerunt,
3604 1656 3746 1711 nec

1220 1759 1385 1814 non
1446 1734 1888 1833 frequenter
1966 1733 2332 1830 liquatum
2416 1757 2589 1808 cum
2675 1732 3101 1834 Sulphure,
3168 1755 3584 1832 coquentes
3666 1736 3748 1809 in

1219 1835 1731 1914 carbonibust
1797 1834 2333 1935 aphronitrum
2387 1832 2605 1937 AEury
2666 1836 2853 1910 tium
2920 1832 3240 1918 invaiis
3288 1837 3558 1935 picatis
3599 1834 3745 1909 ad·

1218 1935 1658 2026 ferebatur,
1735 1959 1828 2009 ne
1895 1934 2385 2031 liquesceret:
2463 1960 2503 2010 a
2561 1934 3020 2011 uterab'atm'
3113 1938 3396 2011 nitrum
3482 1934 3683 2010 calce
3725 1986 3750 2030 ,

1219 2035 1431 2139 quod
1492 2034 2217 2136 deprehendebatur
2273 2033 2532 2135 gustu:
2590 2034 2961 2135 fincerum
3029 2033 3250 2110 facile
3306 2031 3748 2110 resolveba-

1213 2160 1384 2228 tur,
1436 2135 1937 2214 adulteratum
1995 2136 2439 2238 pungebatr
2490 2136 2693 2215 calce
2737 2134 3169 2236 adspersum
3238 2135 3606 2212 reddebat
3653 2160 3750 2211 o-

1214 2238 1488 2328 dorem
1546 2236 2133 2313 vehementem:
2188 2238 2547 2315 urebatur
2601 2238 2680 2311 in
2738 2238 2920 2313 testa
2974 2256 3329 2337 opertum
3379 2258 3473 2313 ne
3537 2236 3747 2313 exul·

1213 2359 1461 2431 taret,
1510 2337 1686 2415 alias
1740 2340 1925 2440 igne
1979 2362 2138 2415 non
2195 2335 2589 2414 exsiliens:
2645 2338 3151 2412 calceamenta
3205 2335 3740 2413 consumebat:

1216 2462 1468 2518 cetera
1505 2496 1529 2531 ‚
1585 2437 1858 2555 quibus
1912 2436 2256 2513 constare
2314 2436 2664 2533 videtur,
2718 2437 2928 2535 quod
2975 2459 3243 2513 eorum
3301 2435 3746 2514 nitrumfu-

1215 2542 1363 2619 erit
1411 2539 1632 2619 alkah
1687 2537 2099 2630 mineram,
2153 2562 2298 2637 qua
2355 2558 2650 2638 partem
2707 2534 3105 2613 causticum
3138 2592 3157 2626 ,
3201 2537 3282 2614 δι
3339 2539 3563 2614 alkali
3604 2562 3747 2615 vo-

1212 2642 1400 2717 latili
1457 2642 1733 2717 nitrato
1780 2639 2450 2722 ‘contaminatum
2588 2637 2880 2713 Alumen
2950 2639 3417 2738 AEqyptium
3493 2638 3746 2727 laudat

1217 2740 1643 2820 PUNlUS
1675 2736 1794 2836 b),
1847 2738 1930 2815 δι
1973 2739 2351 2816 DlNON
2390 2738 2590 2841 apud
2638 2722 3564 2836 ATHENAEUMJalem
3594 2765 3741 2814 am-

1217 2845 1607 2921 moniacum
1667 2842 1747 2915 in
1810 2838 2128 2916 Persiam
2170 2862 2263 2915 ex
2297 2840 2653 2942 AEgypto
2704 2837 3005 2916 miss’um
3059 2837 3268 2915 fuiss'e
3303 2860 3634 2916 autumat
3655 2837 3752 2940 t){'

1419 2992 1589 3070 Olea
1656 3008 2284 3094 praeparaverunt
2359 3013 2402 3067 e
2477 2987 2993 3078 carnofiffimis
3063 2992 3328 3084 olivis,
3424 2989 3732 3093 Rapha-

1215 3120 1371 3190 no,
1420 3094 1846 3182 Gramine,
1895 3089 2247 3185 Sesamo,
2323 3092 2636 3185 Urtica,
2701 3094 2968 3170 ceteris
3018 3090 3146 3188 k).j
3253 3093 3344 3165 Et
3405 3092 3740 3186 Mumiae,

1211 3221 1379 3297 quae
1432 3194 1580 3270 huc
1622 3214 1858 3291 usque
1888 3193 2046 3269 inte
2148 3217 2211 3268 σε
2259 3195 2796 3283 inveniuntur,
2835 3188 3543 3268 consummatiffima
3581 3190 3745 3292 pol·

1209 3295 1556 3375 linciurae
1590 3294 1975 3395 ‘praebent
2028 3214 2463 3394 &cimina
2529 3293 2984 3393 ¹AEthiopes
3035 3291 3221 3367 olim
3263 3292 3613 3387 ‘cadavera
3637 3292 3743 3365 vi-

1211 3412 1329 3476 tro
1380 3393 1884 3490 circumfudtffi’
1912 3415 2347 3472 memorant
2388 3391 3060 3474 HERODOTUS
3091 3390 3168 3478 l)
3211 3392 3292 3471 &
3345 3389 3741 3470 DIODO-

1212 3497 1429 3578 RUS
1487 3492 1931 3574 SICULUS
1984 3496 2129 3598 m),
2181 3496 2390 3595 quod
2441 3496 2539 3576 de
2593 3497 2920 3578 Succino
2994 3492 3536 3595 explicandum
3609 3516 3743 3570 ur·

1686 3645 1700 3664 ..
3543 3645 3557 3668 2
3610 3610 3741 3698 get

1378 3814 1456 3889 g)
1495 3812 1566 3872 1..
1610 3826 1780 3868 xxxx.
1823 3824 1876 3873 c.
1923 3820 2021 3872 Ιο.
2483 3843 2498 3853 1
2523 3805 2598 3883 Β)
2639 3809 2710 3871 L.
2747 3825 2932 3870 xxxv.
2961 3826 3026 3868 c.
3089 3821 3189 3884 ¹5·
3702 3853 3712 3859 .

1344 3903 1353 3912 “
1388 3895 1445 3964 ἰ)
1487 3887 1731 3967 ὓῖβῦῠίῖ
1774 3891 1840 3957 1..
1884 3912 1954 3961 1¹.
1996 3911 2046 3958 c.
2083 3907 2193 3970 29,
2525 3887 2597 3965 k)
2637 3893 2878 3954 Fui-nus
2924 3908 3038 3957 xv:
3083 3906 3128 3973 7
3144 3909 3162 3967 ;
3211 3905 3353 3953 xxx:
3400 3897 3456 3965 ς.
3489 3965 3502 3972 ,
3591 3961 3610 3970 „
3663 3965 3668 3968 v

1384 3973 1440 4056 ι)
1486 3973 1729 4044 Thau*
2513 3974 2602 4049 Β)
2643 3976 2711 4043 L.
2756 3993 2856 4043 xv·
3383 3967 3394 3982 ‘
3663 3989 3672 3994 ·
