4132 5173
1037 340 1168 432 De
1218 312 1702 457 primordii}
1750 343 2136 437 Chemiae.
2683 420 2688 431 ,
2760 378 2861 463 ¹7

364 544 482 622 dis
567 543 953 624 idoneum.
1072 540 1268 622 Haec
1329 543 1485 624 fllia
1555 545 1756 623 intra
1835 567 2121 648 paucos
2169 564 2409 622 annos
2457 565 2869 629 numerum

371 668 697 742 goo,ooo
749 642 1230 723 voluminum
1281 647 1462 721 attin
1525 646 1718 724 ebat.
1829 649 2046 722 Prior
2089 643 2442 723 collestio
2498 647 2886 751 Brychio·‘
2965 744 2972 753 Δ

290 834 311 845 „
368 748 536 821 nica
601 747 677 820 in
741 744 945 822 bello
1002 768 1172 822 cum
1234 671 1542 840 jung)
1615 746 2058 824 CAESARE
2127 745 2437 822 fortuito
2503 749 2582 823 in
2672 751 2878 826 cine·

367 868 485 923 res
537 843 1028 948 redigebatur
1062 897 1084 937 ,
1133 846 1485 947 Serapica
1538 872 1730 923 vero
1781 854 2139 922 continue
2175 843 2694 944 increscebat,
2750 850 2878 943 δε,

368 967 585 1122 aa
881 954 1032 1120 2⁴ss
1861 946 2425 1124 aaran}
2468 948 2916 1142 fana
2965 988 3020 999 ·
3101 980 3108 987 ·

366 1072 445 1121 m
529 1071 658 1122 mu
750 1069 897 1121 ove
959 1072 994 1121 a
1034 1103 1053 1121 .
1339 1070 1476 1124 uce
2248 1090 2270 1103 ·
2850 1094 2875 1108 -

240 1219 257 1227 „
368 1146 570 1224 NES
626 1146 1326 1224 PHILOPONUS
1367 1147 1876 1249 Philosophus
1913 1148 2135 1246 hujus
2169 1147 2670 1225 Bibliothecae
2702 1174 2878 1253 par·

366 1268 522 1323 tem
580 1246 716 1323 fibi
773 1250 1137 1346 expetiit,
1198 1247 1328 1323 sed
1381 1248 1734 1350 precibus
1782 1248 1941 1348 ejus
1990 1270 2327 1324 annuere
2381 1249 2705 1327 minime
2760 1275 2883 1329 au·

246 1370 251 1375 ·
364 1346 487 1425 sus'
538 1345 668 1440 est,
724 1352 1027 1424 veniam
1086 1369 1338 1425 tamen
1384 1347 1850 1440 OMARIS,
1906 1345 2135 1425 Califi
2180 1347 2537 1443 secundi,
2585 1375 2875 1451 quaere·

336 1447 535 1537 ibat,
587 1449 716 1547 qui
771 1448 933 1521 luc
978 1447 1253 1549 scripta
1302 1449 1689 1552 parcenda
1742 1449 2110 1552 negabat,
2168 1450 2454 1551 quippe
2506 1474 2677 1550 quae
2713 1454 2881 1530 inu·

366 1550 569 1637 tilia,
621 1545 673 1623 si
725 1571 992 1624 eorum
1044 1550 1409 1651 dogmata
1466 1551 1855 1627 Alcorano
1910 1570 2387 1652 congruant,
2456 1553 2691 1627 noxia
2745 1575 2888 1630 ve·
2965 1574 2976 1581 “

366 1675 499 1742 1⁹0,
557 1648 609 1725 sl
686 1673 857 1724 cum
918 1648 1048 1724 illo
1114 1647 1552 1730 dissentiant
1642 1653 1729 1767 s).
1839 1650 2023 1724 Hoc
2097 1648 2416 1727 fulmine
2478 1651 2746 1751 periit,
2799 1655 2885 1728 in

368 1750 861 1851 irreparabile
920 1747 1328 1843 damnum,
1407 1750 1702 1854 pristini
1776 1748 1985 1825 orbis
2047 1751 2586 1851 cognitionum
2639 1754 2887 1830 maxi·

366 1874 535 1926 mus
587 1847 1016 1944 thesaurus,
1067 1875 1244 1927 nam
1287 1874 1431 1954 per
1477 1849 1608 1929 sex
1658 1848 1953 1928 menses
2023 1847 2105 1926 δε
2172 1850 2365 1928 ultra
2429 1851 2731 1931 codices
2794 1852 2884 1930 hi

366 1948 862 2051 manuscripti
912 1952 1224 2028 adhibiti
1280 1955 1593 2031 fuerunt
1645 1951 1739 2030 ad
1791 1946 2299 2030 calefacienda
2332 1952 2642 2048 balnea,
2685 1977 2881 2055 quo·

369 2075 540 2149 rum
595 2053 675 2127 in
730 2053 871 2127 hac
922 2052 1110 2130 urbe
1154 2048 1374 2137 erant
1424 2078 1656 2151 4⁰00·
2779 2042 2826 2086 ³

568 2152 1128 2231 CAMBYSES
1177 2152 1488 2252 quidem
1542 2154 1784 2232 libros
1855 2151 2108 2232 sacros
2163 2148 2507 2248 abstulit,
2568 2149 2701 2232 sed
2760 2175 2887 2234 aut

368 2251 785 2339 nonnullos
841 2257 1357 2348 occultarunt,
1412 2276 1536 2331 aut
1583 2256 1761 2331 dein
1810 2275 2398 2356 recuperarunt,
2453 2278 2576 2330 aut
2625 2276 2670 2331 e
2710 2279 2886 2332 mo·

369 2355 754 2429 numentis
809 2352 1085 2431 iterum
1158 2379 1409 2433 novos
1476 2353 2074 2455 composuerunt
2145 2352 2637 2446 Sacerdotes,
2704 2380 2886 2434 nam

238 2544 253 2553 ⁴
367 2454 452 2533 &
506 2452 1207 2548 HERODOTUS‚
1261 2456 1343 2536 δι
1391 2455 2001 2551 DIODORUS,
2059 2454 2143 2554 ᾃ
2191 2454 2883 2537 ERATOSTHE·

372 2555 578 2633 NES
637 2555 889 2661 plures
946 2557 1363 2656 viderunt,
1437 2559 1892 2658 ultimusque
2023 2557 2347 2633 enuinos
2419 2577 2467 2633 a
2525 2555 2719 2633 falsis
2770 2556 2887 2635 di·

304 2663 311 2670 ’
369 2655 648 2739 stinxit.
756 2657 961 2733 Fieri
1013 2679 1270 2734 tamen
1342 2656 1628 2760 potest,
1701 2658 1912 2756 quod
2038 2655 2322 2732 istorici
2395 2661 2646 2733 minus
2724 2656 2884 2748 fue·

370 2758 525 2834 rint
571 2755 908 2859 quaesiti,
945 2756 1028 2837 &
1073 2756 1225 2834 alio
1256 2782 1408 2858 quo
1468 2781 1559 2834 ue
1587 2759 1827 2835 modo
1878 2755 2132 2857 scripti
2171 2756 2576 2853 videntur,
2643 2782 2884 2858 quum

212 2933 217 2948 ,
375 2857 686 2952 eosdem
739 2859 999 2961 legere
1043 2867 1381 2959 potuerit
1510 2857 2328 2939 RATOSTHENES.

578 2955 921 3062 Ingenue
970 2958 1339 3038 fateamur
1391 2979 1739 3061 oportet,
1793 2983 1959 3060 quae
2028 2959 2179 3058 jam
2255 2955 2638 3037 attulimus
2690 2958 2888 3038 testi-

375 3057 690 3152 monia,
743 3079 955 3137 extra
1009 3059 1497 3138 dubitationis
1553 3059 1792 3138 aleam
1848 3084 2005 3137 non
2046 3057 2197 3135 effe
2292 3055 2522 3153 ofita,
2571 3060 2888 3162 praeser-

187 3182 227 3221 -‘
374 3164 519 3238 tim
571 3183 738 3258 quae
816 3158 911 3235 de
988 3158 1499 3238 remotiffimis
1577 3181 1814 3264 agunt
1896 3160 2232 3261 tempori
2293 3183 2399 3244 us.
2550 3163 2626 3236 Si
2677 3164 2887 3239 enim

437 3255 944 3360 erpendamus
992 3261 1357 3340 nonnulla
1408 3282 1636 3362 agere
1689 3260 1787 3337 de
1839 3260 2110 3351 rebus,
2157 3282 2322 3360 quae
2374 3261 2524 3338 XV
2583 3263 2705 3339 vel
2739 3262 2887 3340 XX
2949 3297 2954 3302 ·

406 3360 650 3458 arculis
702 3356 1155 3460 scriptorum
1247 3383 1545 3439 aetatem
1619 3358 2208 3463 praecesserunt,
2280 3358 2361 3438 δι
2423 3360 2516 3437 ab
2598 3366 2884 3442 exteris
2931 3427 2952 3436 -

218 3450 233 3456 ’
377 3458 528 3540 effe
574 3457 1076 3563 'confignatat
1130 3461 1185 3540 fi
1250 3461 1831 3541 confideremus.
1881 3462 2161 3539 horum
2223 3483 2658 3563 temporum
2714 3461 2890 3541 scri·

380 3545 618 3639 bendi
695 3560 1176 3661 docendique
1250 3566 1627 3641 rationem
1730 3563 2339 3663 aenigmaticam}
2419 3561 2472 3639 fi
2554 3563 2886 3663 denique

382 3662 764 3767 scripturae
818 3660 1366 3765 incommoda,
1411 3664 1934 3742 narrationum
1987 3661 2572 3760 vicissitudines,
2633 3662 2718 3743 ἃ.
2757 3688 2888 3741 co·

1519 3763 1592 3845 C
2437 3766 2884 3843 ’.ὀὶ-

549 3974 615 4054 s)
660 3975 1109 4043 Anuumuon
1151 3975 1301 4044 Hist.
1337 3981 1586 4064 Dynast·
